<record xmlns="http://www.loc.gov/MARC21/slim" xmlns:xsi="http://www.w3.org/2001/XMLSchema-instance" xsi:schemaLocation="http://www.loc.gov/MARC21/slim http://www.loc.gov/standards/marcxml/schema/MARC21slim.xsd">

  <leader>01260nab a2200169   4500</leader>
  <controlfield tag="005">20170826062555.0</controlfield>
  <controlfield tag="008">151112b2005    cr f|||| |||| 00| 0 spa d</controlfield>
  <datafield tag="090" ind2=" " ind1=" ">
    <subfield code="a">REVIS 06.02.01</subfield>
  </datafield>
  <datafield tag="100" ind2=" " ind1="1">
    <subfield code="9">759</subfield>
    <subfield code="a">García Fallas, Jacqueline</subfield>
  </datafield>
  <datafield tag="245" ind2="3" ind1="1">
    <subfield code="a">El pensamiento pedagógico de José Martí Acerca de la formación docente y el curriculum educativo /</subfield>
    <subfield code="c">Jacqueline García Fallas</subfield>
  </datafield>
  <datafield ind2=" " tag="260" ind1=" ">
    <subfield code="a">San José, Costa Rica :</subfield>
    <subfield code="b">Editorial Universidad de Costa Rica,</subfield>
    <subfield code="c">2005</subfield>
  </datafield>
  <datafield ind1=" " tag="300" ind2=" ">
    <subfield code="a">páginas 67-97</subfield>
  </datafield>
  <datafield ind2=" " tag="520" ind1=" ">
    <subfield code="a">El presente artículo considera la posición teórica y crítica de José Martí sobre el papel de  la formación docente y las características innovadoras de un curriculum educativo que permita el desarrollo integral de la persona y la equidad en la sociedad.  La formación docente es la clave del papel trasformador del modelo educativo y el curriculum escolar es el camino para propiciar una sociedad emancipatoria con individuos capaces de desarrollar sus potencialidades afectivas, cognoscitivas, motoras, artísticas y gestores de valores</subfield>
  </datafield>
  <datafield tag="650" ind2="4" ind1="1">
    <subfield code="9">1</subfield>
    <subfield code="a">EDUCACIÓN</subfield>
  </datafield>
  <datafield tag="773" ind2=" " ind1="0">
    <subfield code="d">San José, Costa Rica : Editorial de la Universidad de Costa Rica, 1997-</subfield>
    <subfield code="o">R0304</subfield>
    <subfield code="t">EDUCACIÓN: Revista de la Universidad de Costa Rica</subfield>
    <subfield code="g">Vol.29, no.2 (2005)</subfield>
  </datafield>
  <datafield ind2=" " tag="942" ind1=" ">
    <subfield code="2">z</subfield>
    <subfield code="c">10</subfield>
  </datafield>
  <datafield ind2=" " tag="999" ind1=" ">
    <subfield code="c">2940</subfield>
    <subfield code="d">2940</subfield>
  </datafield>
</record>